<record><leader>00000cas a2200000Ma 4500</leader><controlfield tag="001">10839139</controlfield><controlfield tag="008">840613d18021803nhuwr ne      0    0eng d</controlfield><datafield ind1=" " ind2=" " tag="010"><subfield code="a">sn 84023350 </subfield></datafield><datafield ind1=" " ind2=" " tag="040"><subfield code="a">AQM</subfield><subfield code="b">eng</subfield><subfield code="c">AQM</subfield><subfield code="d">VA@</subfield><subfield code="d">OCLCQ</subfield><subfield code="d">OCLCO</subfield><subfield code="d">OCLCF</subfield></datafield><datafield ind1="1" ind2=" " tag="029"><subfield code="a">AU@</subfield><subfield code="b">000025822963</subfield></datafield><datafield ind1=" " ind2=" " tag="043"><subfield code="a">n-us-nh</subfield></datafield><datafield ind1="0" ind2="0" tag="245"><subfield code="a">United States oracle, for the country.</subfield></datafield><datafield ind1=" " ind2=" " tag="260"><subfield code="a">Portsmouth, N.H. :</subfield><subfield code="b">William Treadwell &amp; Co.,</subfield><subfield code="c">1802-1803.</subfield></datafield><datafield ind1=" " ind2=" " tag="300"><subfield code="a">3 v. ;</subfield><subfield code="c">53 cm.</subfield></datafield><datafield ind1=" " ind2=" " tag="310"><subfield code="a">Weekly</subfield></datafield><datafield ind1="0" ind2=" " tag="362"><subfield code="a">Vol. 12, no. 20 (Mar. 30, 1802)-v. 14, no. 2 (Oct. 18, 1803).</subfield></datafield><datafield ind1="4" ind2=" " tag="510"><subfield code="a">Brigham, C.S. Amer. newspapers,</subfield><subfield code="c">p. 484</subfield></datafield><datafield ind1=" " ind2=" " tag="580"><subfield code="a">Edition for the town and vicinity: United States oracle, and Portsmouth advertiser.</subfield></datafield><datafield ind1="1" ind2="0" tag="600"><subfield code="a">Paine, Thomas,</subfield><subfield code="d">1737-1809.</subfield></datafield><datafield ind1=" " ind2="0" tag="651"><subfield code="a">Portsmouth (N.H.)</subfield><subfield code="v">Newspapers.</subfield></datafield><datafield ind1=" " ind2="7" tag="655"><subfield code="a">Newspapers.</subfield><subfield code="2">rbgenr</subfield></datafield><datafield ind1=" " ind2="7" tag="655"><subfield code="a">Newspapers.</subfield><subfield code="2">fast</subfield><subfield code="0">(OCoLC)fst01423814</subfield></datafield><datafield ind1="1" ind2="7" tag="600"><subfield code="a">Paine, Thomas,</subfield><subfield code="d">1737-1809.</subfield><subfield code="2">fast</subfield><subfield code="0">(OCoLC)fst00031776</subfield></datafield><datafield ind1=" " ind2="7" tag="651"><subfield code="a">New Hampshire</subfield><subfield code="z">Portsmouth.</subfield><subfield code="2">fast</subfield><subfield code="0">(OCoLC)fst01207640</subfield></datafield><datafield ind1="2" ind2=" " tag="710"><subfield code="a">William Treadwell &amp; Co.,</subfield><subfield code="e">publisher.</subfield></datafield><datafield ind1=" " ind2=" " tag="752"><subfield code="a">United States</subfield><subfield code="b">New Hampshire</subfield><subfield code="c">Rockingham</subfield><subfield code="d">Portsmouth.</subfield></datafield><datafield ind1="1" ind2=" " tag="775"><subfield code="t">United States oracle, and Portsmouth advertiser</subfield><subfield code="w">(DLC)sn 83025545</subfield></datafield><datafield ind1="0" ind2="0" tag="785"><subfield code="t">Oracle post</subfield><subfield code="w">(DLC)sn 84023351</subfield></datafield></record>